% This file was created with Citavi 6.8.0.0

@misc{Frain.July2014,
 author = {Frain, John C.},
 date = {2014},
 title = {Applied LATEX for Economists, Social Scientists and Others: TEP Working Paper No. 0214},
 institution = {{Trinity College Dublin}}
}


@book{Goossens.1997,
 author = {Goossens, Michel and {Rahtz, Sebastian, Mittelbach, Frank}},
 year = {1997},
 title = {The LaTeX Graphics Companion: Illustrating documents with TeX and PostScript},
 institution = {Addison-Wesley}
}


@misc{Goulding.2011,
 author = {Goulding, Kevin},
 date = {2011},
 title = {usepackage{Tikz} for economists}
}


@misc{Greenber.July2004,
 author = {Greenber, Harvey J.},
 date = {2004},
 title = {A Simplified Introduction to LaTeX},
 address = {Denver},
 edition = {1},
 editor = {Greenber, Harvey J.},
 institution = {{University of Colorado at Denver}}
}


@book{Griffiths.2016,
 author = {Griffiths, David F. and Higham, Desmond J.},
 year = {2016},
 title = {Learning Latex: Second Edition},
 address = {Philadelphia},
 edition = {2},
 publisher = {{Society for Industrial and Applied Mathematics}},
 institution = {{Society for Industrial and Applied Mathematics}}
}


@book{Kottwitz.2011,
 author = {Kottwitz, Stefan},
 year = {2011},
 title = {LaTeX Beginner's Guide},
 address = {Birminghan},
 edition = {1},
 publisher = {{Pack Publishing}},
 institution = {{Packt Publishing}}
}


@misc{Krummel.2020,
 author = {Krummel, Michelle},
 year = {2020},
 title = {LaTeX Tutorials (featuring Texmaker)},
 url = {https://www.youtube.com/watch?v=0ivLZh9xK1Q&list=PL1D4EAB31D3EBC449},
 editor = {Krummel, Michelle}
}


@misc{Overleaf.,
 author = {Overleaf},
 editor = {Overleaf},
 title = {Tutorials},
 url = {https://www.overleaf.com/learn/latex/Tutorials}
}


@misc{YuKo.2018,
 author = {{Yu Ko}, Chiu},
 date = {2018},
 title = {Tikz Cookbook: Diagrams in Economics},
 url = {https://play.google.com/books/reader?id=t3ZZDwAAQBAJ&hl=en_GB&pg=GBS.PP1}
}


